@online{pawlan_cryptography,
	author = {Monica Pawlan},
	title = {Cryptography: The Ancient Art of Secret Messages},
	url = {http://www.pawlan.com/monica/articles/crypto/},
	urldate = {2017-09-10}
}

@misc{history_of_cryptography, 
	title="A Brief History of Cryptography",
	url={http://www.cypher.com.au/crypto_history.htm},
	journal={Cypher Research Laboratories},
  	urldate={2017-09-10},
	year={2013}
}

@article {cryptanalysis_definition,
    title = {Collins English Dictionary - Complete \& Unabridged 10th Edition},
    month = {Sep},
    day = {10},
    year = {2017},
    url = {http://www.dictionary.com/browse/cryptanalysis},
	urldate = {2017-09-10}
}

@article {cryptography_definition,
    title = {Dictionary.com Unabridged},
    month = {Sep},
    day = {10},
    year = {2017},
    url = {http://www.dictionary.com/browse/cryptography},
	urldate = {2017-09-10}
}

@misc{wiki:central_powers,
    author = "Wikipedia",
    title = "Central Powers --- Wikipedia{,} The Free Encyclopedia",
    year = "2017",
    url = "https://en.wikipedia.org/w/index.php?title=Central_Powers&oldid=799418643",
	urldate = {2017-09-10}
  }

@misc{the_zimmermann_telegram, 
  title={The Zimmermann Telegram}, 
  url={https://www.archives.gov/education/lessons/zimmermann}, 
  journal={National Archives and Records Administration}, 
  publisher={National Archives and Records Administration},
  urldate={2017-09-10}
}

@misc{ wiki:spartan_army,
    author = "Wikipedia",
    title = "Spartan army --- Wikipedia{,} The Free Encyclopedia",
    year = "2017",
    url = "https://en.wikipedia.org/w/index.php?title=Spartan_army&oldid=783825786",
    urldate={2017-09-11}    
}

@misc{ wiki:scytale,
    author = "Wikipedia",
    title = "Scytale --- Wikipedia{,} The Free Encyclopedia",
    year = "2017",
    url = "https://en.wikipedia.org/w/index.php?title=Scytale&oldid=782182952",
    urldate ={2017-09-11}
}

@misc{ wiki:history_of_cryptography,
    author = "Wikipedia",
    title = "History of cryptography --- Wikipedia{,} The Free Encyclopedia",
    year = "2017",
    url = "https://en.wikipedia.org/w/index.php?title=History_of_cryptography&oldid=797057256",
    urldate = {2017-09-11}
}

@misc{ wiki:babington_plot,
    author = "Wikipedia",
    title = "Babington Plot --- Wikipedia{,} The Free Encyclopedia",
    year = "2017",
    url = "https://en.wikipedia.org/w/index.php?title=Babington_Plot&oldid=799350789",
    urldate = {2017-09-11}
}

@misc{ wiki:frequency_analysis,
    author = "Wikipedia",
    title = "Frequency analysis --- Wikipedia{,} The Free Encyclopedia",
    year = "2017",
    url = "https://en.wikipedia.org/w/index.php?title=Frequency_analysis&oldid=784776541",
    urldate = {2017-09-11}
}

@misc{ wiki:symmetric_key_cryptography,
    author = "Wikipedia",
    title = "Symmetric-key algorithm --- Wikipedia{,} The Free Encyclopedia",
    year = "2017",
    url = "https://en.wikipedia.org/w/index.php?title=Symmetric-key_algorithm&oldid=795919469",
    urldate = {2017-09-11}
}

@online{caesar_cipher_invent_with_python,
	author = {Al Sweigart},
	title = {Invent With Python Chapter 14: Caesar Cipher},
	url = {https://inventwithpython.com/chapter14.html},
	urldate = {2017-10-25}
}

@inbook{classical_algebra,
  author={William J. Gilbert and Scott A. Vanstone},
  title = {Classical Algebra},
  chapter=6,
  pages={150-155},
  publisher={Centre for Education in Mathematics and Computing},
  year=2000,
  edition=4,
  address={Waterloo{,} Ontario{,} Canada{,} N2L 3G1},
  isbn={0-921418-94-9}
}

@misc{ wiki:substitution_cipher,
    author = "Wikipedia",
    title = "Substitution cipher --- Wikipedia{,} The Free Encyclopedia",
    year = "2017",
    url = "https://en.wikipedia.org/w/index.php?title=Substitution_cipher&oldid=802383769",
    urldate="2017-10-26"
}

@misc{ wiki:block_cipher,
    author = "Wikipedia",
    title = "Block cipher --- Wikipedia{,} The Free Encyclopedia",
    year = "2017",
    url = "https://en.wikipedia.org/w/index.php?title=Block_cipher&oldid=807666216",
    note = "2017-10-29"
}

@misc{ wiki:feistel_cipher,
    author = "Wikipedia",
    title = "Feistel cipher --- Wikipedia{,} The Free Encyclopedia",
    year = "2017",
    url = "https://en.wikipedia.org/w/index.php?title=Feistel_cipher&oldid=807659691",
    note = "2017-10-29"
}

@misc{ wiki:des,
    author = "Wikipedia",
    title = "Data Encryption Standard --- Wikipedia{,} The Free Encyclopedia",
    year = "2017",
    url = "https://en.wikipedia.org/w/index.php?title=Data_Encryption_Standard&oldid=806336070",
    note = "2017-10-29"
}